<?xml version="1.0" encoding="UTF-8"?><collection xmlns="http://www.loc.gov/MARC21/slim"><record><leader>00435nam--2200133-i-4500</leader><controlfield tag="001">000004097</controlfield><controlfield tag="002">20161230</controlfield><controlfield tag="005">20170304191009</controlfield><controlfield tag="008">060222s1000------------r-----000-0-eng-d</controlfield><datafield ind1=" " ind2=" " tag="100"><subfield code="a">Brandenberger, E</subfield></datafield><datafield ind1=" " ind2=" " tag="245"><subfield code="a">Rontgenographisch-analytische chemie. Moglichk eieten und ergebnisse von untersuchungen mit rontgeninterferenzen in der chimie</subfield></datafield><datafield ind1=" " ind2=" " tag="260"><subfield code="a">Basel</subfield><subfield code="b">Birkhauser</subfield><subfield code="c">1945</subfield></datafield><datafield ind1=" " ind2=" " tag="300"><subfield code="a">287 p.Cu Ilustr</subfield></datafield><datafield ind1=" " ind2=" " tag="CAT"><subfield code="a">SYS</subfield><subfield code="c">20170304</subfield><subfield code="h">191009</subfield></datafield></record></collection>